3060 4402
300 482 318 540 ὁ
495 484 583 558 Spee.
608 485 693 559 Ling.
717 478 863 541 Brafiiicae
887 484 1026 558 vulgaris.

298 655 504 718 testudinum
522 677 684 719 numerus
699 659 770 740 jam
790 657 972 719 sciebatur:
997 657 1151 718 tulerunt
1169 676 1228 719 ve·

298 818 337 860 ro
358 799 562 882 plerumque
582 800 651 860 una
669 821 732 881 pro
751 800 970 861 hebdomade
985 799 1227 881 quadraginta,

299 949 335 1002 et
359 940 485 1024 plures.

369 1102 395 1146 2.
415 1082 513 1144 Deus
528 1103 598 1144 non
612 1083 763 1159 moritur,
791 1085 888 1170 Tupa
901 1085 1069 1149 nemausis.
1101 1082 1230 1145 Genui-

300 1247 363 1287 nus
382 1225 439 1286 hic
458 1226 623 1306 loquendi
644 1227 765 1287 modus
781 1225 826 1286 est
841 1225 875 1286 in
890 1224 1031 1286 iirafilia
1043 1225 1144 1306 juxta
1158 1224 1229 1286 dia-

299 1367 422 1429 ledum
433 1368 582 1430 nationis
596 1369 874 1455 Toupzizambous,
898 1366 949 1430 At
958 1365 1183 1428 Paradnfibus
1194 1366 1228 1427 in

300 1508 520 1585 Miffionibus,
536 1510 597 1572 ubi
611 1510 741 1574 idioma
751 1512 822 1593 jam
837 1509 883 1572 est
898 1509 1075 1591 aliquanto
1091 1529 1230 1589 corrup-

301 1662 383 1728 tum,
408 1652 457 1714 ita
480 1652 591 1715 diunt:
616 1652 724 1731 DeuS,
756 1654 860 1739 Taepa,
884 1652 950 1714 sive
983 1653 1136 1738 Tupa'na,
1160 1671 1229 1713 non

301 1796 404 1868 nz'tz'zi,
438 1794 581 1857 moritur
613 1796 742 1861 amand.
793 1796 907 1857 Homo
940 1813 1008 1855 non
1042 1793 1102 1855 diu
1133 1792 1229 1865 vivit,

329 1895 338 1922 1
473 1896 484 1922 2
966 1897 974 1922 1
1178 1893 1188 1920 2

302 1935 377 2002 Aba
400 1938 581 2003 noziotebe'z'
600 1898 673 2024 αἷμ’
691 1896 802 2024 accijzi,
826 1936 847 2002 i.
870 1956 899 2002 e.
924 1938 1026 1998 homo
1050 1957 1119 1999 non
1143 1935 1231 1998 vivit

302 2039 408 2141 muitd
428 2040 596 2160 temiiore,
616 2089 674 2141 aut
693 2039 810 2141 muitis
829 2037 936 2140 aniiis.
969 2080 1085 2164 Acajzi
1103 2077 1230 2140 fruitus

303 2219 350 2283 est
373 2220 616 2298 AmericanuS,
646 2230 681 2283 et
705 2223 878 2304 quandam
901 2240 1082 2303 pomorum
1105 2220 1232 2282 nostro-

302 2384 392 2438 rum,
421 2364 731 2445 quaeeblongiora
754 2363 840 2437 sunt,
864 2365 1020 2426 referens
1044 2361 1230 2426 similitudi-

303 2526 395 2584 nem,
421 2517 624 2568 coronatum
647 2506 739 2590 quafi
761 2505 928 2570 verticem
951 2505 1075 2586 gestat:
1106 2504 1231 2568 fruitus

303 2648 360 2711 hic
388 2649 466 2711 edm
495 2648 597 2710 semel
621 2651 756 2713 tantiim
780 2647 965 2729 quotannis
988 2647 1031 2708 ad
1056 2647 1232 2709 maturita-

304 2799 374 2852 tem
394 2791 567 2864 deveniat,
587 2792 632 2853 ab
652 2790 711 2852 illo
726 2790 843 2852 Brafili
859 2813 989 2855 annum
1004 2787 1097 2850 suum
1113 2789 1232 2870 appel-

305 2933 391 3007 lant;
416 2953 523 3015 quare
543 2933 675 2998 dicunt:
701 2934 768 2994 duo
789 2931 878 3007 anni,
899 2929 1004 2997 moco'i
1028 2932 1139 3016 acajzi,
1160 2939 1232 2994 tres

305 3076 394 3150 anni,
410 3084 565 3162 niocapyr
579 3077 691 3162 acajzi.
716 3074 742 3136 F
743 3072 855 3135 rudius
869 3071 994 3154 reliqui
1008 3072 1115 3135 multe
1132 3073 1232 3135 eitits

304 3216 547 3280 maturescunt:
563 3216 604 3279 fic
620 3217 750 3278 milium
765 3215 952 3278 Asiaticum
967 3215 1137 3297 (tiitfiidiet
1148 3214 1232 3282 mci:

304 3364 366 3446 μη)
394 3357 553 3423 Brafiliee
579 3360 683 3433 abati,
716 3367 787 3421 tres
814 3358 904 3419 intra
931 3356 1062 3419 menses
1086 3358 1157 3440 jam
1188 3357 1232 3419 est

304 3512 484 3566 maturum.

1065 3663 1093 3721 3.
1118 3642 1232 3705 Mater
