3060 4402
426 476 515 552 Spec.
539 476 624 552 Ling.
649 470 795 534 Brafilicae
818 478 954 552 vulgaris.
1134 496 1151 552 5

204 658 206 663 '
222 659 377 723 nonanta,
393 649 586 731 nonaginta
597 669 732 723 novem,
747 658 991 724 noventanova
1004 660 1151 728 centum,

223 759 322 843 ojepe'
338 760 523 844 papofo'bcu
549 758 642 837 quod
662 756 754 818 idem
774 756 834 831 est,
859 758 1050 821 aedicere:
1080 783 1151 825 una

220 865 424 938 rrurneratz‘m
449 865 605 939 ducenti,
630 863 736 930 nroco'i
760 866 942 952 papafe'tba,
969 866 1072 942 mille,
1096 870 1151 932 dez

218 972 397 1058 papafaba.

284 1077 426 1139 Interim
455 1076 657 1158 quibusdam
681 1078 716 1139 in
740 1080 891 1142 numeris
915 1080 1150 1161 exprimendis

218 1194 360 1246 utuntur
379 1183 496 1245 Brafili
519 1184 832 1263 circumlocutione,
858 1195 894 1248 et
912 1207 1009 1261 voce,
1035 1196 1070 1249 et
1089 1187 1151 1270 fig-

193 1357 195 1360 ⁴
218 1311 263 1353 no
278 1293 476 1373 loquentes:
493 1290 535 1353 fic
551 1292 594 1352 ad
611 1291 858 1353 enuntiandum
868 1295 1027 1379 qumque,
1044 1295 1150 1358 osten-

218 1399 303 1460 dunt
330 1419 482 1475 manum,
516 1398 678 1460 dicendo:
713 1400 812 1485 ojepe'
834 1404 884 1464 κε’
903 1407 963 1486 po',
997 1402 1062 1463 hoc
1091 1401 1147 1479 est,

211 1505 1150 1593 semelmromarzm,fivequrizquedr'gr'tr':adsignifican-

219 1615 299 1675 dum
323 1617 440 1691 decem,
464 1615 584 1675 ambas
604 1612 774 1674 exhibent
794 1634 925 1688 manus
949 1618 998 1679 xe'
1009 1621 1064 1701 po',
1090 1626 1149 1678 aut

218 1744 309 1786 ureae
318 1744 456 1786 mamm:
471 1720 538 1780 Pro
550 1720 687 1803 vrng'rrlr',
700 1718 868 1780 adhibent
878 1719 1014 1804 insuper
1023 1723 1146 1803 pedes:

216 1832 265 1893 κε’
272 1833 327 1915 po,
346 1831 395 1892 κέ
402 1837 458 1915 py,
479 1827 536 1888 vel
551 1849 628 1890 narce
644 1848 777 1899 branuc,
794 1827 864 1891 mer'
871 1828 982 1912 pedes.
1015 1826 1073 1888 Ad
1090 1848 1148 1889 ex-

216 1934 433 2016 primendum
448 1934 613 2006 tredecr'rn,
629 1932 679 1994 ita
693 1932 1024 2012 circumloquuntur:
1039 1937 1146 2020 xe'pd

216 2052 371 2130 rnofapyr
389 2044 546 2127 crnrbyro,
567 2040 643 2114 slve,
662 2063 739 2104 mera
757 2063 891 2113 manua,
912 2041 979 2105 trio
994 2040 1146 2125 absuper.

216 2149 293 2210 Hac
321 2147 392 2229 ipsa
420 2148 455 2208 in
478 2146 631 2208 Misslone
656 2148 829 2211 Abacaxr'r
858 2146 916 2230 (de
943 2167 1012 2227 qua
1036 2146 1146 2229 supra)

217 2276 295 2317 cum
314 2254 500 2336 piscatores
519 2251 794 2336 frequentisfime,
815 2253 940 2314 diebus
954 2252 1147 2333 praesertim

215 2361 368 2424 Sabbati
392 2381 411 2423 e
434 2361 521 2438 lacu,
546 2362 653 2443 vulgo
677 2361 820 2446 segode
844 2360 1020 2445 Sampoyo,
1046 2358 1146 2422 affer-

214 2477 292 2531 rent
328 2467 533 2541 testudines,
576 2475 681 2529 tantae
718 2464 986 2546 magnitudiniS,
1024 2475 1062 2528 ut
1100 2486 1143 2528 ex

215 2596 283 2638 una
318 2574 472 2658 personae
509 2575 630 2636 decem
663 2573 707 2633 ad
740 2572 931 2635 satietatem
962 2574 1145 2654 prandium

214 2682 275 2744 fibi
297 2703 423 2764 parare
447 2681 577 2764 possmt,
602 2700 621 2742 e
640 2678 868 2762 piscatoribus
886 2679 947 2741 ubi
965 2681 1146 2760 quaereba-

213 2801 278 2867 tur,
304 2798 389 2872 quot
413 2788 518 2851 essent
542 2786 748 2850 testudines?
793 2787 925 2851 Coceco'z'
943 2787 1022 2851 Raz'l
1056 2787 1088 2848 h.
1114 2807 1143 2848 e.

214 2902 298 2963 Ecce
310 2901 434 2962 Pater!
448 2895 682 2976 reposuerunt,
698 2893 860 2956 bacillum
876 2892 908 2953 ei
923 2892 1144 2974 porrigentes

215 3002 416 3083 oblongum,
442 3004 518 3085 (hoc
542 3004 630 3066 tolca
654 3000 758 3062 etiam
783 3000 992 3084 appellatur)
1017 2999 1073 3061 cui
1091 3008 1144 3060 tot

213 3108 409 3171 inciderunt
428 3128 549 3170 crenas
564 3105 710 3192 (sanine
725 3128 778 3172 om
793 3105 964 3190 lierbbolss)
985 3113 1070 3187 quot
1082 3107 1143 3191 ju-

213 3215 271 3280 ras
291 3215 434 3301 (jamra
452 3214 609 3276 Brasrlice
628 3212 775 3299 testudo)
790 3213 986 3274 attulerant.
1020 3211 1143 3274 Incisu-

213 3342 286 3384 ram
306 3331 421 3384 autem
445 3321 615 3384 decimam
638 3319 768 3400 semper
792 3319 1020 3381 reddiderunt
1038 3320 1139 3400 majo·

212 3449 298 3492 rem:
323 3429 367 3491 Et
390 3428 433 3491 [ic
458 3430 566 3491 denas
590 3429 760 3491 duntaxat
782 3425 990 3488 recensendo
1010 3446 1141 3502 crenaS,

1005 3531 1142 3596 testudi-
